@Book{koza:book,
  author =       "John R. Koza",
  title =        "Genetic Programming: On the Programming of Computers
                 by Means of Natural Selection",
  year =         "1992",
  publisher =    "MIT Press",
  address =      "Cambridge, MA, USA",
  keywords =     "genetic algorithms, genetic programming, text book",
  ISBN =         "0-262-11170-5",
  URL =          "http://mitpress.mit.edu/books/genetic-programming",
},
@online{rubik:algo,
	author = "Dénes Ferenc",
	title = "Rubik’s Cube Algorithms",
  url = {https://ruwix.com/the-rubiks-cube/algorithm/},
  year = 2017,
},
@online{rubik:virt,
	author = "Walter Randelshofer",
	title = "Virtual Cubes",
  url = {http://www.randelshofer.ch/rubik/virtual_cubes/rubik/instructions/instructions.html},
    year = 2017,
},
@online{rubik:god,
    author = "Tomas Rokicki, Herbert Kociemba, Morley Davidson and John Dethridge",
    title = "God's Number is 20",
    url = {http://www.cube20.org/},
    year = 2010,
},
@online{rubik:algos,
	author="Karl Hörnell",
	title="Progressive Improvements in Solving Algorithms",
	url = {http://cubeman.org/dotcs.txt},
	year = 1996,
},
@online{jgap,
	author="Klaus Meffert and Neil Rotstan",
	title="Java Genetic Algorithms Package",
	url = {http://jgap.sourceforge.net/},
	year = 2017,
},
@article{genr,
	author="Ashutosh Tyagi and Poonam Tyagi",
	title="GEN-R: Genetic Algorithm Based Model for Rubik’s Cube Solution Generator",
	journal="International Journal of Science and Advanced Technology (ISSN 2221-8386)",
	year=2011,
}

	